% Encoding: UTF-8

@Misc{RandomWalk,
  author        = {Germano Teixeira de Miranda},
  title         = {CÃ³digo fonte random walk 1D},
  year          = {2021},
  timestamp     = {2021.07.19},
  url           = {https://github.com/germanotm/random-walk},
  urlaccessdate = {19 de julho de 2021},
}